@book{cdc,
  author  = {Alexandre Aquiles and Rodrigo Ferreira},
  title   = {Controlando versões com Git e Github},
  publisher = {Casa do Código},
  year    = 2016
}

@book{pro,
  author  = {Scott Chacon},
  title   = {Pro-Git},
  publisher = {Apress},
  month   = 5,
  note    = {Traduzido por Eric Douglas, disponível em:}, 
  year    = 2014
}

@manual{gitscm,
    organization = {Git},
    note         = {http://git-scm.org},
    title        = {Git Documentation}
}

@misc{son,
    author       = {Victor Lima},
    howpublished = {https://www.schoolofnet.com/curso/godot/godot-fundamentals/iniciando-com-godot/},
    year         = 2017,
    note         = {Curso Online},
    title        = {Iniciando com a Godot}
}

@misc{wj1,
    author       = {Willian Justen},
    howpublished = {https://www.udemy.com/curso-go},
    year         = 2017,
    note         = {Curso Online},
    title        = {Iniciando com a Godot}
}

@misc{wj2,
    author       = {Willian Justen},
    howpublished = {https://www.udemy.com/curso-go},
    year         = 2017,
    note         = {Curso Online},
    title        = {Iniciando com a Godot}
}
