@misc{cev,
    author       = {Gustavo Guanabara},
    howpublished = {\url{https://www.youtube.com/watch?v=1-w1RfGIov4&list=PLHz_AreHm4dlsK3Nr9GVvXCbpQyHQl1o1}},
    month        = 5,
    year         = 2019,
    note         = {Accessed: 2019-07-02},
    title        = {Javascript para Iniciantes}
}

@misc{rsgo7,
    author       = {Diego Fernandes},
    howpublished = {\url{http://rocketseat.com.br}},
    month        = 6,
    year         = 2019,
    note         = {Accessed: 2019-06-02},
    title        = {GoStack 7.0}
}

@misc{rsgo7,
    author       = {Diego Fernandes},
    howpublished = {\url{http://rocketseat.com.br}},
    note         = {Accessed: 2019-07-02},
    title        = {Starter: Javascript}
}

@misc{rsgo7,
    author       = {Diego Fernandes},
    howpublished = {\url{http://rocketseat.com.br}},
    note         = {Accessed: 2019-07-02},
    title        = {Starter: Javascript ES6}
}

@misc{rsgo7,
    author       = {Diego Fernandes},
    howpublished = {\url{http://rocketseat.com.br}},
    note         = {Accessed: 2019-07-02},
    title        = {Starter: NodeJS}
}

@misc{rsgo7,
    author       = {Diego Fernandes},
    howpublished = {\url{http://rocketseat.com.br}},
    note         = {Accessed: 2019-07-02},
    title        = {Starter: ReactJS}
}

@misc{rsgo7,
    author       = {Diego Fernandes},
    howpublished = {\url{http://rocketseat.com.br}},
    note         = {Accessed: 2019-07-02},
    title        = {Starter: React Native}
}

