@manual{godoc,
    organization = {Godot},
    note         = {http://docs.godotengine.org/en/3.1/},
    title        = {Godot Documentation}
}

@misc{son1,
    author       = {Victor Lima},
    howpublished = {https://www.schoolofnet.com/curso/godot/godot-fundamentals/iniciando-com-godot/},
    year         = 2017,
    note         = {Curso Online},
    title        = {Iniciando com a Godot}
}
