@book{gopl,
    author    = {Alan Donovan and Brian Kernighan},
    title     = {A Linguagem de Programação Go},
    publisher = {Novatec},
    edition   = 1,
    isbn      = {978-85-7522-546-2},
    month     = 3, 
    year      = 2017
}

@book{goia,
    author    = {William Kennedy and Brian Ketelsen and Erik Martin},
    title     = {Go em Ação},
    publisher = {Novatec},
    edition   = 1,
    isbn      = {978-85-7522-506-6},
    month     = 5, 
    year      = 2016
}

@book{igo,
    author    = {Caleb Doxsey},
    title     = {Introdução à linguagem Go},
    publisher = {Novatec},
    edition   = 1,
    isbn      = {978-85-7522-489-2},
    month     = 4, 
    year      = 2016
}

@book{pego,
    author    = {Caio Filipini},
    title     = {Programando em Go},
    publisher = {Casa do Código},
    edition   = 1,
    isbn      = {978-85-5519-132-9},
}

@misc{cod3r,
    author       = {Leonardo Leitão},
    howpublished = {\url{https://www.udemy.com/curso-go/}},
    year         = 2017,
    note         = {Curso Online},
    title        = {Go (Golang): Explorando a Linguagem do Google}
}
